@article{jarccard1908nouvelles,
  title={Nouvelles recherches sur la distribution floral},
  author={Jarccard, P},
  journal={Bull. Soc. Vaud. Sc. Nat.},
  volume={44},
  number={163},
  pages={223--270},
  year={1908}
}

@article{zaharia2011faster,
  title={Faster and more accurate sequence alignment with SNAP},
  author={Zaharia, Matei and Bolosky, William J and Curtis, Kristal and Fox, Armando and Patterson, David and Shenker, Scott and Stoica, Ion and Karp, Richard M and Sittler, Taylor},
  journal={arXiv preprint arXiv:1111.5572},
  year={2011}
}

@article{howe2014tackling,
  title={Tackling soil diversity with the assembly of large, complex metagenomes},
  author={Howe, Adina Chuang and Jansson, Janet K and Malfatti, Stephanie A and Tringe, Susannah G and Tiedje, James M and Brown, C Titus},
  journal={Proceedings of the National Academy of Sciences},
  volume={111},
  number={13},
  pages={4904--4909},
  year={2014},
  publisher={National Acad Sciences}
}

@article{mcelroy2012gemsim,
  title={GemSIM: general, error-model based simulator of next-generation sequencing data},
  author={McElroy, Kerensa E and Luciani, Fabio and Thomas, Torsten},
  journal={BMC genomics},
  volume={13},
  number={1},
  pages={74},
  year={2012},
  publisher={BioMed Central}
}

@article{Scheffer:2012fk,
	Author = {Scheffer, Marten and Carpenter, Stephen R. and Lenton, Timothy M. and Bascompte, Jordi and Brock, William and Dakos, Vasilis and van de Koppel, Johan and van de Leemput, Ingrid A. and Levin, Simon A. and van Nes, Egbert H. and Pascual, Mercedes and Vandermeer, John},
	Date-Added = {2016-10-04 17:27:56 +0000},
	Date-Modified = {2016-10-04 17:27:56 +0000},
	Doi = {10.1126/science.1225244},
	Journal = {Science},
	Number = {6105},
	Pages = {344-348},
	Title = {Anticipating Critical Transitions},
	Type = {Journal Article},
	Url = {http://www.sciencemag.org/content/338/6105/344.abstract},
	Volume = {338},
	Year = {2012},
	Bdsk-Url-1 = {http://www.sciencemag.org/content/338/6105/344.abstract},
	Bdsk-Url-2 = {http://dx.doi.org/10.1126/science.1225244}}

@article{Poisot:2016fk,
	Author = {Poisot, Timoth{\'e}e and Cirtwill, Alyssa R. and Cazelles, K{\'e}vin and Gravel, Dominique and Fortin, Marie-Jos{\'e}e and Stouffer, Daniel B.},
	Date-Added = {2016-10-03 20:58:52 +0000},
	Date-Modified = {2016-10-03 20:58:53 +0000},
	Doi = {10.1111/2041-210X.12468},
	Issn = {2041-210X},
	Journal = {Methods in Ecology and Evolution},
	Number = {3},
	Pages = {303-312},
	Title = {The structure of probabilistic networks},
	Type = {Journal Article},
	Url = {http://dx.doi.org/10.1111/2041-210X.12468},
	Volume = {7},
	Year = {2016},
	Bdsk-Url-1 = {http://dx.doi.org/10.1111/2041-210X.12468}}

@article{Rohr:2014uq,
	Author = {Rohr, Rudolf P. and Saavedra, Serguei and Bascompte, Jordi},
	Date-Added = {2016-09-26 22:19:15 +0000},
	Date-Modified = {2016-09-26 22:19:16 +0000},
	Doi = {10.1126/science.1253497},
	Journal = {Science},
	Number = {6195},
	Title = {On the structural stability of mutualistic systems},
	Type = {Journal Article},
	Url = {http://www.sciencemag.org/content/345/6195/1253497.abstract},
	Volume = {345},
	Year = {2014},
	Bdsk-Url-1 = {http://www.sciencemag.org/content/345/6195/1253497.abstract},
	Bdsk-Url-2 = {http://dx.doi.org/10.1126/science.1253497}}

@article{Wolf:2015fk,
	Author = {Wolf, Christopher and Novak, Mark and Gitelman, Alix I.},
	Date-Added = {2016-09-20 17:52:06 +0000},
	Date-Modified = {2016-09-20 17:52:07 +0000},
	Doi = {https://dx.doi.org/10.7287/peerj.preprints.1382v1},
	Journal = {PeerJ PrePrints},
	Title = {Bayesian characterization of uncertainty in species interaction strengths},
	Type = {Journal Article},
	Volume = {3:e1717},
	Year = {2015},
	Bdsk-Url-1 = {https://dx.doi.org/10.7287/peerj.preprints.1382v1}}

@article{Giordano:2016fk,
	Author = {Giordano, Giulia and Cuba Samaniego, Christian and Franco, Elisa and Blanchini, Franco},
	Date-Added = {2016-09-19 22:15:38 +0000},
	Date-Modified = {2016-09-19 22:15:40 +0000},
	Doi = {10.1007/s00285-015-0933-9},
	Issn = {1432-1416},
	Journal = {Journal of Mathematical Biology},
	Number = {7},
	Pages = {1927-1958},
	Title = {Computing the structural influence matrix for biological systems},
	Type = {Journal Article},
	Url = {http://dx.doi.org/10.1007/s00285-015-0933-9},
	Volume = {72},
	Year = {2016},
	Bdsk-Url-1 = {http://dx.doi.org/10.1007/s00285-015-0933-9}}

@article{Holt:1977kx,
	Author = {Holt, Robert D.},
	Date-Added = {2016-08-12 22:00:40 +0000},
	Date-Modified = {2016-08-12 22:00:41 +0000},
	Journal = {Theoretical Population Biology},
	Number = {2},
	Pages = {197-229},
	Title = {Predation, apparent competition, and the structure of prey communities},
	Type = {Journal Article},
	Url = {http://www.sciencedirect.com/science/article/B6WXD-4F1SCHP-GV/2/83a52618a03ae4de8100ad729ab2a478},
	Volume = {12},
	Year = {1977},
	Bdsk-Url-1 = {http://www.sciencedirect.com/science/article/B6WXD-4F1SCHP-GV/2/83a52618a03ae4de8100ad729ab2a478}}

@article{Allesina:2012uq,
	Author = {Allesina, Stefano and Tang, Si},
	Date-Added = {2016-08-12 20:17:10 +0000},
	Date-Modified = {2016-08-12 20:17:12 +0000},
	Doi = {http://www.nature.com/nature/journal/v483/n7388/abs/nature10832.html#supplementary-information},
	Issn = {0028-0836},
	Journal = {Nature},
	Number = {7388},
	Pages = {205-208},
	Title = {Stability criteria for complex ecosystems},
	Type = {Journal Article},
	Url = {http://dx.doi.org/10.1038/nature10832},
	Volume = {483},
	Year = {2012},
	Bdsk-Url-1 = {http://dx.doi.org/10.1038/nature10832},
	Bdsk-Url-2 = {http://www.nature.com/nature/journal/v483/n7388/abs/nature10832.html%23supplementary-information}}

@article{Petchey:2015fk,
	Author = {Petchey, Owen L. and Pontarp, Mikael and Massie, Thomas M. and K{\'e}fi, Sonia and Ozgul, Arpat and Weilenmann, Maja and Palamara, Gian Marco and Altermatt, Florian and Matthews, Blake and Levine, Jonathan M. and Childs, Dylan Z. and McGill, Brian J. and Schaepman, Michael E. and Schmid, Bernhard and Spaak, Piet and Beckerman, Andrew P. and Pennekamp, Frank and Pearse, Ian S.},
	Date-Added = {2016-08-12 16:14:00 +0000},
	Date-Modified = {2016-08-12 16:14:01 +0000},
	Doi = {10.1111/ele.12443},
	Issn = {1461-0248},
	Journal = {Ecology Letters},
	Number = {7},
	Pages = {597-611},
	Title = {The ecological forecast horizon, and examples of its uses and determinants},
	Type = {Journal Article},
	Url = {http://dx.doi.org/10.1111/ele.12443},
	Volume = {18},
	Year = {2015},
	Bdsk-Url-1 = {http://dx.doi.org/10.1111/ele.12443}}

@article{Bender:1984kx,
	Author = {Bender, Edward A. and Case, Ted J. and Gilpin, Michael E.},
	Date-Added = {2016-08-12 03:58:24 +0000},
	Date-Modified = {2016-08-12 03:58:24 +0000},
	Journal = {Ecology},
	Number = {1},
	Pages = {1-13},
	Title = {Perturbation experiments in community ecology: theory and practice},
	Type = {Journal Article},
	Volume = {65},
	Year = {1984}}

@article{Borrett:2003fk,
	Author = {Borrett, Stuart R. and Patten, Bernard C.},
	Date-Added = {2016-08-12 03:58:24 +0000},
	Date-Modified = {2016-08-12 03:58:24 +0000},
	Journal = {Ecological Modelling},
	Number = {2-3},
	Pages = {173-184},
	Title = {Structure of pathways in ecological networks: relationships between length and number},
	Type = {Journal Article},
	Url = {http://www.sciencedirect.com/science/article/B6VBS-49KH971-1/2/80ccf0cf9a05cb82c586eddfdb178173},
	Volume = {170},
	Year = {2003},
	Bdsk-Url-1 = {http://www.sciencedirect.com/science/article/B6VBS-49KH971-1/2/80ccf0cf9a05cb82c586eddfdb178173}}

@article{Carey:2014qf,
	Author = {Carey, Michael P. and Levin, Phillip S. and Townsend, Howard and Minello, Thomas J. and Sutton, Glen R. and Francis, Tessa B. and Harvey, Chris J. and Toft, Jodie E. and Arkema, Katie K. and Burke, Jennifer L. and Kim, Choong-Ki and Guerry, Anne D. and Plummer, Mark and Spiridonov, Georgi and Ruckelshaus, Mary},
	Date-Added = {2016-08-12 03:58:24 +0000},
	Date-Modified = {2016-08-12 03:58:24 +0000},
	Doi = {10.1093/icesjms/fst012},
	Journal = {ICES Journal of Marine Science: Journal du Conseil},
	Number = {3},
	Pages = {713-724},
	Title = {Characterizing coastal foodwebs with qualitative links to bridge the gap between the theory and the practice of ecosystem-based management},
	Type = {Journal Article},
	Url = {http://icesjms.oxfordjournals.org/content/71/3/713.abstract},
	Volume = {71},
	Year = {2014},
	Bdsk-Url-1 = {http://icesjms.oxfordjournals.org/content/71/3/713.abstract},
	Bdsk-Url-2 = {http://dx.doi.org/10.1093/icesjms/fst012}}

@article{Dambacher:2003ys,
	Author = {Dambacher, Jeffrey M. and Li, Hiram W. and Rossignol, Philippe A.},
	Date-Added = {2016-08-12 03:58:24 +0000},
	Date-Modified = {2016-08-12 03:58:24 +0000},
	Journal = {Ecological Modelling},
	Number = {1-2},
	Pages = {79-93},
	Title = {Qualitative predictions in model ecosystems},
	Type = {Journal Article},
	Url = {http://www.sciencedirect.com/science/article/B6VBS-47VRMKR-5/2/69582c4bf94ecc0a25d77c27ffdeb5f9},
	Volume = {161},
	Year = {2003},
	Bdsk-Url-1 = {http://www.sciencedirect.com/science/article/B6VBS-47VRMKR-5/2/69582c4bf94ecc0a25d77c27ffdeb5f9}}

@article{Dambacher:2002ve,
	Author = {Dambacher, Jeffrey M. and Li, Hiram W. and Rossignol, Philippe A.},
	Date-Added = {2016-08-12 03:58:24 +0000},
	Date-Modified = {2016-08-12 03:58:24 +0000},
	Journal = {Ecology},
	Number = {5},
	Pages = {1372-1385},
	Title = {Relevance of community structure in assessing indeterminacy of ecological predictions},
	Type = {Journal Article},
	Url = {<Go to ISI>://000175131300019},
	Volume = {83},
	Year = {2002},
	Bdsk-Url-1 = {%3CGo%20to%20ISI%3E://000175131300019}}

@article{Dambacher:2015kx,
	Author = {Dambacher, Jeffrey M. and Rothlisberg, Peter C. and Loneragan, Neil R.},
	Date-Added = {2016-08-12 03:58:24 +0000},
	Date-Modified = {2016-08-12 03:58:24 +0000},
	Doi = {10.1890/13-2030.1},
	Issn = {1051-0761},
	Journal = {Ecological Applications},
	Number = {1},
	Pages = {278-298},
	Title = {Qualitative mathematical models to support ecosystem-based management of Australia's Northern Prawn Fishery},
	Type = {Journal Article},
	Url = {http://dx.doi.org/10.1890/13-2030.1},
	Volume = {25},
	Year = {2015},
	Bdsk-Url-1 = {http://dx.doi.org/10.1890/13-2030.1}}

@article{Hosack:2008fk,
	Author = {Hosack, Geoffrey R. and Hayes, Keith R. and Dambacher, Jeffrey M.},
	Date-Added = {2016-08-12 03:58:24 +0000},
	Date-Modified = {2016-08-12 03:58:24 +0000},
	Journal = {Ecological Applications},
	Number = {4},
	Pages = {1070-1082},
	Title = {Assessing model structure uncertainty through an analysis of system feedback and bayesian networks},
	Type = {Journal Article},
	Url = {http://dx.doi.org/10.1890%2F07-0482.1},
	Volume = {18},
	Year = {2008},
	Bdsk-Url-1 = {http://dx.doi.org/10.1890%2F07-0482.1}}

@article{Iles:2016uq,
	Author = {Iles, Alison C. and Novak, Mark},
	Date-Added = {2016-08-12 03:58:24 +0000},
	Date-Modified = {2016-08-12 03:58:24 +0000},
	Doi = {10.1086/686730},
	Issn = {0003-0147},
	Journal = {The American Naturalist},
	Number = {1},
	Pages = {87-98},
	Title = {Complexity increases predictability in allometrically constrained food webs},
	Type = {Journal Article},
	Url = {http://dx.doi.org/10.1086/686730},
	Volume = {188},
	Year = {2016},
	Bdsk-Url-1 = {http://dx.doi.org/10.1086/686730}}

@article{Ives:2007vn,
	Author = {Ives, Anthony R. and Carpenter, Stephen R.},
	Date-Added = {2016-08-12 03:58:24 +0000},
	Date-Modified = {2016-08-12 03:58:24 +0000},
	Doi = {10.1126/science.1133258},
	Journal = {Science},
	Number = {5834},
	Pages = {58-62},
	Title = {Stability and Diversity of Ecosystems},
	Type = {Journal Article},
	Url = {http://www.sciencemag.org/cgi/content/abstract/317/5834/58},
	Volume = {317},
	Year = {2007},
	Bdsk-Url-1 = {http://www.sciencemag.org/cgi/content/abstract/317/5834/58},
	Bdsk-Url-2 = {http://dx.doi.org/10.1126/science.1133258}}

@article{Jerrum:2004fr,
	Author = {Jerrum, Mark and Sinclair, Alistair and Vigoda, Eric},
	Date-Added = {2016-08-12 03:58:24 +0000},
	Date-Modified = {2016-08-12 03:58:24 +0000},
	Doi = {http://doi.acm.org/10.1145/1008731.1008738},
	Issn = {0004-5411},
	Journal = {JACM},
	Number = {4},
	Pages = {671-697},
	Title = {A polynomial-time approximation algorithm for the permanent of a matrix with nonnegative entries},
	Type = {Journal Article},
	Volume = {51},
	Year = {2004},
	Bdsk-Url-1 = {http://doi.acm.org/10.1145/1008731.1008738}}

@article{Lawlor:1979fk,
	Author = {Lawlor, Lawrence R.},
	Date-Added = {2016-08-12 03:58:24 +0000},
	Date-Modified = {2016-08-12 03:58:24 +0000},
	Journal = {Oecologia},
	Number = {3},
	Pages = {355-364},
	Title = {Direct and indirect effects of n-species competition},
	Type = {Journal Article},
	Url = {http://dx.doi.org/10.1007/BF00344961},
	Volume = {43},
	Year = {1979},
	Bdsk-Url-1 = {http://dx.doi.org/10.1007/BF00344961}}

@book{Levins:1968yq,
	Address = {Princeton, N.J.},
	Author = {Levins, R},
	Date-Added = {2016-08-12 03:58:24 +0000},
	Date-Modified = {2016-08-12 03:58:24 +0000},
	Publisher = {Princeton University Press},
	Series = {Monographs in Population biology},
	Title = {Evolution in Changing Environments: Some Theoretical Explorations},
	Type = {Book},
	Year = {1968}}

@article{Levins:1974rt,
	Author = {Levins, Richard},
	Date-Added = {2016-08-12 03:58:24 +0000},
	Date-Modified = {2016-10-18 21:03:04 +0000},
	Issn = {1749-6632},
	Journal = {Annals of the New York Academy of Sciences},
	Pages = {123-138},
	Title = {The qualitative analysis of partially specified systems},
	Type = {Journal Article},
	Url = {http://dx.doi.org/10.1111/j.1749-6632.1974.tb20562.x},
	Volume = {231},
	Year = {1974},
	Bdsk-Url-1 = {http://dx.doi.org/10.1111/j.1749-6632.1974.tb20562.x}}

@article{Marzloff:2016ve,
	Author = {Marzloff, Martin Pierre and Melbourne-Thomas, Jessica and Hamon, Katell G. and Hoshino, Eriko and Jennings, Sarah and van Putten, Ingrid E. and Pecl, Gretta T.},
	Date-Added = {2016-08-12 03:58:24 +0000},
	Date-Modified = {2016-08-12 03:58:24 +0000},
	Doi = {10.1111/gcb.13285},
	Issn = {1365-2486},
	Journal = {Global Change Biology},
	Number = {7},
	Pages = {2462-2474},
	Title = {Modelling marine community responses to climate-driven species redistribution to guide monitoring and adaptive ecosystem-based management},
	Type = {Journal Article},
	Url = {http://dx.doi.org/10.1111/gcb.13285},
	Volume = {22},
	Year = {2016},
	Bdsk-Url-1 = {http://dx.doi.org/10.1111/gcb.13285}}

@article{Melbourne-Thomas:2012uq,
	Author = {Melbourne-Thomas, J. and Wotherspoon, S. and Raymond, B. and Constable, A.},
	Date-Added = {2016-08-12 03:58:24 +0000},
	Date-Modified = {2016-08-12 03:58:24 +0000},
	Doi = {10.1890/12-0207.1},
	Issn = {0012-9615},
	Journal = {Ecological Monographs},
	Number = {4},
	Pages = {505-519},
	Title = {Comprehensive evaluation of model uncertainty in qualitative network analyses},
	Type = {Journal Article},
	Url = {http://dx.doi.org/10.1890/12-0207.1},
	Volume = {82},
	Year = {2012},
	Bdsk-Url-1 = {http://dx.doi.org/10.1890/12-0207.1}}

@article{Novak:2011fj,
	Author = {Novak, Mark and Wootton, J. Timothy and Doak, Daniel F. and Emmerson, Mark and Estes, James A. and Tinker, M. Timothy},
	Date-Added = {2016-08-12 03:58:24 +0000},
	Date-Modified = {2016-08-12 03:58:24 +0000},
	Doi = {doi:10.1890/10-1354.1},
	Journal = {Ecology},
	Number = {4},
	Pages = {836-846},
	Title = {Predicting community responses to perturbations in the face of imperfect knowledge and network complexity},
	Type = {Journal Article},
	Url = {http://www.esajournals.org/doi/abs/10.1890/10-1354.1},
	Volume = {92},
	Year = {2011},
	Bdsk-Url-1 = {http://www.esajournals.org/doi/abs/10.1890/10-1354.1},
	Bdsk-Url-2 = {http://dx.doi.org/10.1890/10-1354.1}}

@article{Novak:2016zr,
	Author = {Novak, Mark and Yeakel, Justin and Noble, Andrew E. and Doak, Daniel F. and Emmerson, Mark and Estes, James A. and Jacob, Ute and Tinker, M. Timothy and Wootton, J. Timothy},
	Date-Added = {2016-08-12 03:58:24 +0000},
	Date-Modified = {2016-08-12 03:58:24 +0000},
	Journal = {Annual Review of Ecology, Evolution, and Systematics},
	Title = {Characterizing species interactions to understand press perturbations: What is the community matrix?},
	Type = {Journal Article},
	Volume = {47},
	Year = {2016}}

@article{Raymond:2011bh,
	Author = {Raymond, Ben and McInnes, Julie and Dambacher, Jeffrey M. and Way, Sarah and Bergstrom, Dana M.},
	Date-Added = {2016-08-12 03:58:24 +0000},
	Date-Modified = {2016-08-12 03:58:24 +0000},
	Doi = {10.1111/j.1365-2664.2010.01916.x},
	Issn = {1365-2664},
	Journal = {Journal of Applied Ecology},
	Number = {1},
	Pages = {181-191},
	Title = {Qualitative modelling of invasive species eradication on subantarctic Macquarie Island},
	Type = {Journal Article},
	Url = {http://dx.doi.org/10.1111/j.1365-2664.2010.01916.x},
	Volume = {48},
	Year = {2011},
	Bdsk-Url-1 = {http://dx.doi.org/10.1111/j.1365-2664.2010.01916.x}}

@article{Stouffer:2007dn,
	Author = {Stouffer, Daniel B. and Camacho, Juan and Jiang, Wenxin and Amaral, Lu{\'\i}s A. Nunes},
	Date-Added = {2016-08-12 03:58:24 +0000},
	Date-Modified = {2016-08-12 03:58:24 +0000},
	Journal = {Proceedings of the Royal Society B: Biological Sciences},
	Number = {1621},
	Pages = {1931-1940},
	Title = {Evidence for the existence of a robust pattern of prey selection in food webs},
	Type = {Journal Article},
	Url = {http://dx.doi.org/10.1098/rspb.2007.0571},
	Volume = {274},
	Year = {2007},
	Bdsk-Url-1 = {http://dx.doi.org/10.1098/rspb.2007.0571}}

@article{Strogatz:2001fk,
	Author = {Strogatz, Steven H.},
	Date-Added = {2016-08-12 03:58:24 +0000},
	Date-Modified = {2016-08-12 03:58:24 +0000},
	Issn = {0028-0836},
	Journal = {Nature},
	Number = {6825},
	Pages = {268-276},
	Title = {Exploring complex networks},
	Type = {Journal Article},
	Url = {http://dx.doi.org/10.1038/35065725},
	Volume = {410},
	Year = {2001},
	Bdsk-Url-1 = {http://dx.doi.org/10.1038/35065725}}

@article{Takimoto:2007ek,
	Author = {Takimoto, Gaku and Miki, Takeshi and Kagami, Maiko},
	Date-Added = {2016-08-12 03:58:24 +0000},
	Date-Modified = {2016-08-12 03:58:24 +0000},
	Journal = {Theoretical Population Biology},
	Number = {2},
	Pages = {264-273},
	Title = {Intraguild predation promotes complex alternative states along a productivity gradient},
	Type = {Journal Article},
	Url = {http://www.sciencedirect.com/science/article/B6WXD-4NNWCCN-1/2/d36c673bfd5cbbab6cfbc2037fd94d43},
	Volume = {72},
	Year = {2007},
	Bdsk-Url-1 = {http://www.sciencedirect.com/science/article/B6WXD-4NNWCCN-1/2/d36c673bfd5cbbab6cfbc2037fd94d43}}

@article{Travis:2014uq,
	Author = {Travis, Joseph and Coleman, Felicia C. and Auster, Peter J. and Cury, Philippe M. and Estes, James A. and Orensanz, Jose and Peterson, Charles H. and Power, Mary E. and Steneck, Robert S. and Wootton, J. Timothy},
	Date-Added = {2016-08-12 03:58:24 +0000},
	Date-Modified = {2016-08-12 03:58:24 +0000},
	Doi = {10.1073/pnas.1305853111},
	Journal = {Proceedings of the National Academy of Sciences},
	Number = {2},
	Pages = {581-584},
	Title = {Integrating the invisible fabric of nature into fisheries management},
	Type = {Journal Article},
	Url = {http://www.pnas.org/content/111/2/581.abstract},
	Volume = {111},
	Year = {2014},
	Bdsk-Url-1 = {http://www.pnas.org/content/111/2/581.abstract},
	Bdsk-Url-2 = {http://dx.doi.org/10.1073/pnas.1305853111}}

@article{Wootton:2005rc,
	Author = {Wootton, J. Timothy and Emmerson, Mark},
	Date-Added = {2016-08-12 03:58:24 +0000},
	Date-Modified = {2016-08-12 03:58:24 +0000},
	Journal = {Annual Review of Ecology, Evolution, and Systematics},
	Number = {1},
	Pages = {419-444},
	Title = {Measurement of interaction strength in nature},
	Type = {Journal Article},
	Url = {http://arjournals.annualreviews.org/doi/abs/10.1146/annurev.ecolsys.36.091704.175535},
	Volume = {36},
	Year = {2005},
	Bdsk-Url-1 = {http://arjournals.annualreviews.org/doi/abs/10.1146/annurev.ecolsys.36.091704.175535}}

@article{Yodzis:1988fk,
	Author = {Yodzis, P.},
	Date-Added = {2016-08-12 03:58:24 +0000},
	Date-Modified = {2016-08-12 03:58:24 +0000},
	Journal = {Ecology},
	Number = {2},
	Pages = {508-515},
	Title = {The indeterminacy of ecological interactions as perceived through perturbation experiments},
	Type = {Journal Article},
	Url = {<Go to ISI>://A1988M749600022},
	Volume = {69},
	Year = {1988},
	Bdsk-Url-1 = {%3CGo%20to%20ISI%3E://A1988M749600022}}

@article{Barabas:2014vn,
	Author = {Barab{\'a}s, Gy{\"o}rgy and P{\'a}sztor, Liz and Mesz{\'e}na, G{\'e}za and Ostling, Annette},
	Date-Added = {2016-08-12 03:58:12 +0000},
	Date-Modified = {2016-08-12 03:58:12 +0000},
	Doi = {10.1111/ele.12350},
	Issn = {1461-0248},
	Journal = {Ecology Letters},
	Number = {12},
	Pages = {1479-1494},
	Title = {Sensitivity analysis of coexistence in ecological communities: theory and application},
	Type = {Journal Article},
	Url = {http://dx.doi.org/10.1111/ele.12350},
	Volume = {17},
	Year = {2014},
	Bdsk-Url-1 = {http://dx.doi.org/10.1111/ele.12350}}

@book{prasolov1994problems,
	Author = {Prasolov, Viktor Vasil\_evich},
	Publisher = {American Mathematical Soc.},
	Title = {Problems and theorems in linear algebra},
	Volume = {134},
	Year = {1994}}

@article{miller1981inverse,
	Author = {Miller, Kenneth S},
	Journal = {Mathematics Magazine},
	Number = {2},
	Pages = {67--72},
	Publisher = {MAA},
	Title = {On the inverse of the sum of matrices},
	Volume = {54},
	Year = {1981}}

@article{usmani1994inversiona,
	Author = {Usmani, RA},
	Journal = {Computers \& Mathematics with Applications},
	Number = {8},
	Pages = {59--66},
	Publisher = {Elsevier},
	Title = {Inversion of Jacobi's tridiagonal matrix},
	Volume = {27},
	Year = {1994}}

@article{usmani1994inversionb,
	Author = {Usmani, Riaz A},
	Journal = {Linear Algebra and its Applications},
	Pages = {413--414},
	Publisher = {Elsevier},
	Title = {Inversion of a tridiagonal Jacobi matrix},
	Volume = {212},
	Year = {1994}}

@article{Fonseca2007eigenvalues,
	Author = {{da Fonseca}, CM},
	Journal = {Journal of Computational and Applied Mathematics},
	Number = {1},
	Pages = {283--286},
	Publisher = {Elsevier},
	Title = {On the eigenvalues of some tridiagonal matrices},
	Volume = {200},
	Year = {2007}}

@article{lewis1982inversion,
	Author = {Lewis, Jerry W},
	Journal = {Numerische Mathematik},
	Number = {3},
	Pages = {333--345},
	Publisher = {Springer},
	Title = {Inversion of tridiagonal matrices},
	Volume = {38},
	Year = {1982}}
