@inproceedings{broder1997resemblance,
  title={On the resemblance and containment of documents},
  author={Broder, Andrei Z},
  booktitle={Compression and Complexity of Sequences 1997. Proceedings},
  pages={21--29},
  year={1997},
  organization={IEEE}
}

@inproceedings{das2007google,
  title={Google news personalization: scalable online collaborative filtering},
  author={Das, Abhinandan S and Datar, Mayur and Garg, Ashutosh and Rajaram, Shyam},
  booktitle={Proceedings of the 16th international conference on World Wide Web},
  pages={271--280},
  year={2007},
  organization={ACM}
}

@article{cohen2001finding,
  title={Finding interesting associations without support pruning},
  author={Cohen, Edith and Datar, Mayur and Fujiwara, Shinji and Gionis, Aristides and Indyk, Piotr and Motwani, Rajeev and Ullman, Jeffrey D and Yang, Cheng},
  journal={IEEE Transactions on Knowledge and Data Engineering},
  volume={13},
  number={1},
  pages={64--78},
  year={2001},
  publisher={IEEE}
}

@article{ondov2016mash,
  title={Mash: fast genome and metagenome distance estimation using MinHash},
  author={Ondov, Brian D and Treangen, Todd J and Melsted, P{\'a}ll and Mallonee, Adam B and Bergman, Nicholas H and Koren, Sergey and Phillippy, Adam M},
  journal={Genome Biology},
  volume={17},
  number={1},
  pages={132},
  year={2016},
  publisher={BioMed Central}
}

@article{kosub2016note,
  title={A note on the triangle inequality for the Jaccard distance},
  author={Kosub, Sven},
  journal={arXiv preprint arXiv:1612.02696},
  year={2016}
}

@book{mitzenmacher2005probability,
  title={Probability and computing: Randomized algorithms and probabilistic analysis},
  author={Mitzenmacher, Michael and Upfal, Eli},
  year={2005},
  publisher={Cambridge university press}
}

@article{broder2000min,
  title={Min-wise independent permutations},
  author={Broder, Andrei Z and Charikar, Moses and Frieze, Alan M and Mitzenmacher, Michael},
  journal={Journal of Computer and System Sciences},
  volume={60},
  number={3},
  pages={630--659},
  year={2000},
  publisher={Elsevier}
}

@article{carter1979universal,
  title={Universal classes of hash functions},
  author={Carter, J Lawrence and Wegman, Mark N},
  journal={Journal of computer and system sciences},
  volume={18},
  number={2},
  pages={143--154},
  year={1979},
  publisher={Elsevier}
}

@article{miltersen1998universal,
  title={Universal Hashing},
  author={Miltersen, Peter Bro},
  journal={Lecture note},
  volume={12},
  year={1998}
}

@article{almeida2007scalable,
  title={Scalable bloom filters},
  author={Almeida, Paulo S{\'e}rgio and Baquero, Carlos and Pregui{\c{c}}a, Nuno and Hutchison, David},
  journal={Information Processing Letters},
  volume={101},
  number={6},
  pages={255--261},
  year={2007},
  publisher={Elsevier}
}

@article{blustein2002bloom,
  title={Bloom filters. a tutorial, analysis, and survey},
  author={Blustein, James and El-Maazawi, Amal},
  journal={Technical Report CS-2002--10. Faculty of Computer Science, Dalhousie University},
  year={2002}
}

@article{bloom1970space,
  title={Space/time trade-offs in hash coding with allowable errors},
  author={Bloom, Burton H},
  journal={Communications of the ACM},
  volume={13},
  number={7},
  pages={422--426},
  year={1970},
  publisher={ACM}
}

@book{national2007new,
  title={The new science of metagenomics: revealing the secrets of our microbial planet},
  author={National Research Council and others},
  year={2007},
  publisher={National Academies Press}
}

@article{sharpton2014introduction,
  title={An introduction to the analysis of shotgun metagenomic data},
  author={Sharpton, Thomas J},
  journal={Frontiers in plant science},
  volume={5},
  pages={209},
  year={2014},
  publisher={Frontiers}
}











